@book{henze,
  author={Henze, Norbert},
  organization={Springer Fachmedien Wiesbaden GmbH},
  title={Stochastik f{\"u}r Einsteiger},
  subtitle={eine Einf{\"u}hrung in die faszinierende Welt des Zufalls},
  edition={11., {\"u}berarbeitete Auflage},
  publisher={Springer Spektrum},
  address={Wiesbaden},
  year={2017},
  pages={X, 402 Seiten},
  language={ger},
  isbn={978-3-658-14738-9},
  series={Lehrbuch},
  note={Literaturverzeichnis: Seite 388-389.},
  doi={10.1007/978-3-658-14739-6},
  keywords={Stochastik},
  library={UB [Signatur: LN-U 8-9743::(11)] ; MA [Signatur: Henze]},
}
